<record><leader>00000cas a2200000 a 4500</leader><controlfield tag="001">52322200</controlfield><controlfield tag="006">m     o  d        </controlfield><controlfield tag="007">cr unu||||||||</controlfield><controlfield tag="008">030527d19392001nyudr neo     0   a0eng c</controlfield><datafield ind1=" " ind2=" " tag="010"><subfield code="a">  2006249178</subfield></datafield><datafield ind1=" " ind2=" " tag="040"><subfield code="a">TXU</subfield><subfield code="b">eng</subfield><subfield code="c">TXU</subfield><subfield code="d">NYS</subfield><subfield code="d">OCLCQ</subfield><subfield code="d">AAA</subfield><subfield code="d">ZYU</subfield><subfield code="d">OCLCQ</subfield><subfield code="d">OCLCF</subfield><subfield code="d">OCLCQ</subfield></datafield><datafield ind1=" " ind2=" " tag="019"><subfield code="a">45157958</subfield></datafield><datafield ind1=" " ind2=" " tag="037"><subfield code="b">Syracuse Herald-Journal, Clinton Sq., Box 4915, Syracuse, NY 13201</subfield></datafield><datafield ind1=" " ind2=" " tag="042"><subfield code="a">pcc</subfield></datafield><datafield ind1=" " ind2=" " tag="043"><subfield code="a">n-us-ny</subfield></datafield><datafield ind1="1" ind2="4" tag="050"><subfield code="a">Newspaper</subfield></datafield><datafield ind1="0" ind2=" " tag="130"><subfield code="a">Syracuse herald-journal (Online)</subfield></datafield><datafield ind1="1" ind2="0" tag="245"><subfield code="a">Syracuse herald-journal.</subfield></datafield><datafield ind1="1" ind2=" " tag="246"><subfield code="i">Sunday issue published as:</subfield><subfield code="a">Syracuse herald-American</subfield><subfield code="f">Oct. 1, 1939-May 23, 1965</subfield></datafield><datafield ind1="1" ind2=" " tag="246"><subfield code="i">Sunday issue published as:</subfield><subfield code="a">Syracuse herald American combined with the post-standard</subfield><subfield code="f">May 30, 1965-&lt;Dec. 21, 1980&gt;</subfield></datafield><datafield ind1=" " ind2=" " tag="260"><subfield code="a">Syracuse, N.Y. :</subfield><subfield code="b">Herald Co.,</subfield><subfield code="c">1939-2001.</subfield></datafield><datafield ind1=" " ind2=" " tag="310"><subfield code="a">Daily</subfield></datafield><datafield ind1=" " ind2=" " tag="336"><subfield code="a">text</subfield><subfield code="b">txt</subfield><subfield code="2">rdacontent</subfield></datafield><datafield ind1=" " ind2=" " tag="337"><subfield code="a">computer</subfield><subfield code="b">c</subfield><subfield code="2">rdamedia</subfield></datafield><datafield ind1=" " ind2=" " tag="338"><subfield code="a">online resource</subfield><subfield code="b">cr</subfield><subfield code="2">rdacarrier</subfield></datafield><datafield ind1="0" ind2=" " tag="362"><subfield code="a">Vol. 63, no. 18,393 (Sept. 27, 1939)-v. 124, no. 37,500 (Sept. 29, 2001).</subfield></datafield><datafield ind1=" " ind2=" " tag="500"><subfield code="a">Title from title screen.</subfield></datafield><datafield ind1=" " ind2=" " tag="530"><subfield code="a">Also issued in print.</subfield></datafield><datafield ind1=" " ind2=" " tag="530"><subfield code="a">Also issued on microfilm from Micro Photo Div., Bell &amp; Howell Co., ; Microfilm Corp of America; and University Microfilms International.</subfield></datafield><datafield ind1=" " ind2=" " tag="538"><subfield code="a">Mode of access: World Wide Web.</subfield></datafield><datafield ind1=" " ind2=" " tag="588"><subfield code="a">Latest issue consulted: Sept. 23, 2001 (NewsBank, viewed Oct. 6, 2006).</subfield></datafield><datafield ind1=" " ind2="0" tag="651"><subfield code="a">Syracuse (N.Y.)</subfield><subfield code="v">Newspapers.</subfield></datafield><datafield ind1=" " ind2="0" tag="651"><subfield code="a">Onondaga County (N.Y.)</subfield><subfield code="v">Newspapers.</subfield></datafield><datafield ind1=" " ind2="7" tag="651"><subfield code="a">New York (State)</subfield><subfield code="z">Onondaga County.</subfield><subfield code="2">fast</subfield><subfield code="0">(OCoLC)fst01205371</subfield></datafield><datafield ind1=" " ind2="7" tag="651"><subfield code="a">New York (State)</subfield><subfield code="z">Syracuse.</subfield><subfield code="2">fast</subfield><subfield code="0">(OCoLC)fst01205293</subfield></datafield><datafield ind1=" " ind2="7" tag="655"><subfield code="a">Newspapers.</subfield><subfield code="2">fast</subfield><subfield code="0">(OCoLC)fst01423814</subfield></datafield><datafield ind1=" " ind2=" " tag="752"><subfield code="a">United States</subfield><subfield code="b">New York</subfield><subfield code="c">Onondaga</subfield><subfield code="d">Syracuse.</subfield></datafield><datafield ind1="0" ind2=" " tag="770"><subfield code="t">American weekly (New York, N.Y.)</subfield><subfield code="w">(OCoLC)29457998</subfield></datafield><datafield ind1="1" ind2=" " tag="776"><subfield code="t">Syracuse herald-journal</subfield><subfield code="w">(DLC)sn 86071700</subfield><subfield code="w">(OCoLC)11178284</subfield></datafield><datafield ind1="0" ind2="0" tag="780"><subfield code="t">Syracuse herald, Syracuse journal (Online)</subfield></datafield><datafield ind1="4" ind2="0" tag="856"><subfield code="u">http://www.newslibrary.com/sites/sy/</subfield></datafield><datafield ind1="4" ind2="0" tag="856"><subfield code="u">http://infoweb.newsbank.com/?db=SNPB</subfield></datafield><datafield ind1="1" ind2=" " tag="029"><subfield code="a">AU@</subfield><subfield code="b">000040966549</subfield></datafield><datafield ind1="1" ind2=" " tag="029"><subfield code="a">AU@</subfield><subfield code="b">000045738116</subfield></datafield><datafield ind1="1" ind2=" " tag="029"><subfield code="a">NZ1</subfield><subfield code="b">12140224</subfield></datafield></record>